@online{TWD2000,
  author  = {{內政部國土測繪中心}},
  title   = {2000臺灣大地基準（TWD2000）},
  year    = {2017},
  url     = {https://www.nlsc.gov.tw/cp.aspx?n=1484},
  urldate = {2025-10-25}
}